<record><leader>00000cas a22000007a 4500</leader><controlfield tag="001">30372666</controlfield><controlfield tag="008">940503d190u1908okuwr ne      0    0eng d</controlfield><datafield ind1=" " ind2=" " tag="010"><subfield code="a">sn 94058813 </subfield></datafield><datafield ind1=" " ind2=" " tag="040"><subfield code="a">OBN</subfield><subfield code="b">eng</subfield><subfield code="c">OBN</subfield><subfield code="d">OCL</subfield><subfield code="d">OCLCQ</subfield><subfield code="d">OCLCF</subfield><subfield code="d">OCLCO</subfield></datafield><datafield ind1="1" ind2=" " tag="029"><subfield code="a">AU@</subfield><subfield code="b">000010972796</subfield></datafield><datafield ind1="0" ind2=" " tag="041"><subfield code="a">engcho</subfield></datafield><datafield ind1=" " ind2=" " tag="042"><subfield code="a">msc</subfield></datafield><datafield ind1=" " ind2=" " tag="043"><subfield code="a">n-us-ok</subfield></datafield><datafield ind1="0" ind2="0" tag="245"><subfield code="a">Millerton progress-news.</subfield></datafield><datafield ind1="3" ind2="0" tag="246"><subfield code="a">Progress-news</subfield></datafield><datafield ind1="3" ind2="0" tag="246"><subfield code="a">Millerton progress</subfield></datafield><datafield ind1=" " ind2=" " tag="260"><subfield code="a">Millerton, Okla. :</subfield><subfield code="b">News Print. Co.</subfield></datafield><datafield ind1=" " ind2=" " tag="300"><subfield code="a">v.</subfield></datafield><datafield ind1=" " ind2=" " tag="310"><subfield code="a">Weekly</subfield></datafield><datafield ind1="0" ind2=" " tag="362"><subfield code="a">-v. 3, no. 4 (Sept. 3, 1908).</subfield></datafield><datafield ind1=" " ind2=" " tag="546"><subfield code="a">In English and Choctaw.</subfield></datafield><datafield ind1=" " ind2=" " tag="588"><subfield code="a">Description based on: Vol. 3, no. 40 (Sept. 3, 1908).</subfield></datafield><datafield ind1=" " ind2="0" tag="650"><subfield code="a">Choctaw Indians</subfield><subfield code="z">Oklahoma</subfield><subfield code="v">Newspapers.</subfield></datafield><datafield ind1=" " ind2="0" tag="651"><subfield code="a">Millerton (Okla.)</subfield><subfield code="v">Newspapers.</subfield></datafield><datafield ind1=" " ind2="0" tag="651"><subfield code="a">McCurtain County (Okla.)</subfield><subfield code="v">Newspapers.</subfield></datafield><datafield ind1=" " ind2="7" tag="655"><subfield code="a">Newspapers.</subfield><subfield code="2">fast</subfield><subfield code="0">(OCoLC)fst01423814</subfield></datafield><datafield ind1=" " ind2="7" tag="650"><subfield code="a">Choctaw Indians.</subfield><subfield code="2">fast</subfield><subfield code="0">(OCoLC)fst00858301</subfield></datafield><datafield ind1=" " ind2="7" tag="651"><subfield code="a">Oklahoma.</subfield><subfield code="2">fast</subfield><subfield code="0">(OCoLC)fst01205031</subfield></datafield><datafield ind1=" " ind2="7" tag="651"><subfield code="a">Oklahoma</subfield><subfield code="z">McCurtain County.</subfield><subfield code="2">fast</subfield><subfield code="0">(OCoLC)fst01248660</subfield></datafield><datafield ind1=" " ind2="7" tag="651"><subfield code="a">Oklahoma</subfield><subfield code="z">Millerton.</subfield><subfield code="2">fast</subfield><subfield code="0">(OCoLC)fst01889435</subfield></datafield><datafield ind1=" " ind2=" " tag="752"><subfield code="a">United States</subfield><subfield code="b">Oklahoma</subfield><subfield code="c">McCurtain</subfield><subfield code="d">Millerton.</subfield></datafield><datafield ind1="0" ind2="0" tag="780"><subfield code="t">Valliant news</subfield><subfield code="w">(DLC)sn 94058812</subfield><subfield code="w">(OCoLC)30372398</subfield></datafield><datafield ind1="0" ind2="0" tag="785"><subfield code="t">Millerton progress</subfield><subfield code="w">(DLC)sn 94058814</subfield><subfield code="w">(OCoLC)30372735</subfield></datafield></record>